<record xmlns="http://www.loc.gov/MARC21/slim" xmlns:xsi="http://www.w3.org/2001/XMLSchema-instance" xsi:schemaLocation="http://www.loc.gov/MARC21/slim http://www.loc.gov/standards/marcxml/schema/MARC21slim.xsd"><leader>     nam a22        4500</leader><controlfield tag="001">3063580</controlfield><controlfield tag="003">NNC</controlfield><controlfield tag="006">m        d        </controlfield><controlfield tag="007">cr cn |||m|||a</controlfield><controlfield tag="008">150316s1946    ua      ob    001 0 ara d</controlfield><datafield ind1=" " ind2=" " tag="040"><subfield code="a">NNU</subfield><subfield code="b">eng</subfield><subfield code="e">rda</subfield><subfield code="c">NNU</subfield></datafield><datafield ind1="1" ind2=" " tag="041"><subfield code="a">ara</subfield><subfield code="h">ger</subfield></datafield><datafield ind1="1" ind2=" " tag="100"><subfield code="a">Pines, Shlomo,</subfield><subfield code="d">1908-1990.</subfield></datafield><datafield ind1="1" ind2="0" tag="240"><subfield code="a">Beitra&#776;ge zur islamischen Atomenlehre.</subfield><subfield code="l">Arabic</subfield></datafield><datafield ind1="1" ind2="0" tag="245"><subfield code="a">Madhhab al-dhurrah &#699;inda al-Muslimi&#772;n :</subfield><subfield code="b">wa-&#699;alaqa&#772;tuhu bi-madha&#772;hib al-Yu&#772;na&#772;n wa-al-Hunu&#772;d, wa-ma&#699;ahu falsafat Muh&#803;ammad ibn Zakari&#772;ya&#772; al-Ra&#772;zi&#772; /</subfield><subfield code="c">ta&#700;lif s. Pi&#772;ni&#772;s. Naqalahu can al-Alma&#772;ni&#772;yah Muh&#803;ammad &#699;Abd al-Ha&#772;di&#772; Abu&#772; Ri&#772;dah.</subfield></datafield><datafield ind1=" " ind2=" " tag="260"><subfield code="6">880-01</subfield><subfield code="a">Al-Qa&#772;hirah :</subfield><subfield code="b">Maktabat al-Nahd&#803;ah al-Mis&#803;ri&#772;yah,</subfield><subfield code="c">1946.</subfield></datafield><datafield ind1=" " ind2=" " tag="300"><subfield code="a">online resource (172 pages)</subfield></datafield><datafield ind1=" " ind2=" " tag="336"><subfield code="a">text</subfield><subfield code="2">rdacontent</subfield></datafield><datafield ind1=" " ind2=" " tag="337"><subfield code="a">computer</subfield><subfield code="2">rdamedia</subfield></datafield><datafield ind1=" " ind2=" " tag="338"><subfield code="a">online resource</subfield><subfield code="2">rdacarrier</subfield></datafield><datafield ind1=" " ind2=" " tag="500"><subfield code="a">In Arabic.</subfield></datafield><datafield ind1=" " ind2=" " tag="500"><subfield code="a">Translated from the German: Beitra&#776;ge zur islamishen Atomenlehre.</subfield></datafield><datafield ind1=" " ind2=" " tag="500"><subfield code="a">Appendix: Madhhab al-jawhar al-fard &#699;inda al-mutakallimi&#772;n al-awwa&#772;li&#772;n fi&#772; al-Isla&#772;m / Otto Prezl.</subfield></datafield><datafield ind1=" " ind2=" " tag="500"><subfield code="a">Part of the Arabic Collections Online (ACO) project, contributed by Columbia University Libraries.</subfield></datafield><datafield ind1=" " ind2=" " tag="504"><subfield code="a">Includes bibliographical references (pages 163-165).</subfield></datafield><datafield ind1=" " ind2=" " tag="500"><subfield code="a">Includes indexes.</subfield></datafield><datafield ind1=" " ind2=" " tag="533"><subfield code="a">Electronic reproduction.</subfield><subfield code="b">New York, N.Y. :</subfield><subfield code="c">New York University,</subfield><subfield code="d">2015.</subfield><subfield code="5">NNU</subfield></datafield><datafield ind1=" " ind2="0" tag="650"><subfield code="a">Atomism</subfield><subfield code="x">History.</subfield></datafield><datafield ind1=" " ind2="0" tag="650"><subfield code="a">Islamic philosophy.</subfield></datafield><datafield ind1="1" ind2="0" tag="600"><subfield code="a">Ra&#772;zi&#772;, Abu&#772; Bakr Muh&#803;ammad ibn Zakari&#772;ya&#772;,</subfield><subfield code="d">865?-925?</subfield></datafield><datafield ind1="1" ind2="7" tag="600"><subfield code="a">Ra&#772;zi&#772;, Abu&#772; Bakr Muh&#803;ammad ibn Zakari&#772;ya&#772;,</subfield><subfield code="d">865?-925?</subfield><subfield code="2">fast</subfield><subfield code="0">(OCoLC)fst00062301</subfield></datafield><datafield ind1=" " ind2="7" tag="650"><subfield code="a">Atomism.</subfield><subfield code="2">fast</subfield><subfield code="0">(OCoLC)fst00820644</subfield></datafield><datafield ind1=" " ind2="7" tag="650"><subfield code="a">Islamic philosophy.</subfield><subfield code="2">fast</subfield><subfield code="0">(OCoLC)fst01730358</subfield></datafield><datafield ind1=" " ind2="7" tag="655"><subfield code="a">History.</subfield><subfield code="2">fast</subfield><subfield code="0">(OCoLC)fst01411628</subfield></datafield><datafield ind1="1" ind2=" " tag="700"><subfield code="6">880-02</subfield><subfield code="a">Abu&#772; Ri&#772;dah, Muh&#803;ammad &#699;Abd al-Ha&#772;di&#772;.</subfield></datafield><datafield ind1="1" ind2="2" tag="700"><subfield code="a">Pretzl, O.</subfield><subfield code="q">(Otto).</subfield><subfield code="t">Madhhab al-jawhar al-fard &#699;inda al-mutakallimi&#772;n al-awwali&#772;n fi&#772; al-Isla&#772;m.</subfield></datafield><datafield ind1="2" ind2=" " tag="710"><subfield code="a">Columbia University.</subfield><subfield code="b">Libraries.</subfield></datafield><datafield ind1="0" ind2=" " tag="730"><subfield code="a">Arabic Collections Online.</subfield></datafield><datafield ind1="0" ind2="8" tag="776"><subfield code="i">Print version:</subfield><subfield code="a">Pines, Shlomo, 1908-1990.</subfield><subfield code="t">Madhhab al-dhurrah &#699;inda al-Muslimi&#772;n</subfield><subfield code="w">(NNC)3063580</subfield><subfield code="w">(OCoLC)16840473</subfield></datafield><datafield ind1="4" ind2="0" tag="856"><subfield code="u">http://hdl.handle.net/2333.1/q83bk5xf</subfield></datafield><datafield ind1="1" ind2="0" tag="880"><subfield code="6">245-00/r</subfield><subfield code="a">&#1605;&#1584;&#1607;&#1576; &#1575;&#1604;&#1584;&#1585;&#1577; &#1593;&#1606;&#1583; &#1575;&#1604;&#1605;&#1587;&#1604;&#1605;&#1610;&#1606; :</subfield><subfield code="b">&#1608;&#1593;&#1604;&#1575;&#1602;&#1577;&#1607; &#1576;&#1605;&#1584;&#1575;&#1607;&#1576; &#1575;&#1604;&#1610;&#1608;&#1606;&#1575;&#1606; &#1608;&#1575;&#1604;&#1607;&#1606;&#1608;&#1583;&#1548; &#1608;&#1605;&#1593;&#1607; &#1601;&#1604;&#1587;&#1601;&#1577; &#1605;&#1581;&#1605;&#1583; &#1576;&#1606; &#1586;&#1603;&#1585;&#1610;&#1575; &#1575;&#1604;&#1585;&#1575;&#1586;&#1610; /</subfield><subfield code="c">&#1578;&#1571;&#1604;&#1610;&#1601; &#1587; &#1662;&#1610;&#1606;&#1610;&#1587; &#1563; &#1606;&#1602;&#1604;&#1607; &#1593;&#1606; &#1575;&#1604;&#1575;&#1604;&#1605;&#1575;&#1606;&#1576;&#1577; &#1605;&#1581;&#1605;&#1583; &#1593;&#1576;&#1583; &#1575;&#1604;&#1607;&#1575;&#1583;&#1610; &#1575;&#1576;&#1608; &#1585;&#1610;&#1583;&#1577;.</subfield></datafield><datafield ind1=" " ind2=" " tag="880"><subfield code="6">260-01/r</subfield><subfield code="a">&#1575;&#1604;&#1602;&#1575;&#1607;&#1585;&#1577; :</subfield><subfield code="b">&#1605;&#1603;&#1578;&#1576;&#1577; &#1575;&#1604;&#1606;&#1607;&#1590;&#1577; &#1575;&#1604;&#1605;&#1589;&#1585;&#1610;&#1577;&#1548;</subfield><subfield code="c">1946.</subfield></datafield><datafield ind1="1" ind2=" " tag="880"><subfield code="6">700-02/r</subfield><subfield code="a">&#1575;&#1576;&#1608; &#1585;&#1610;&#1583;&#1577;&#1548; &#1605;&#1581;&#1605;&#1583; &#1593;&#1576;&#1583; &#1575;&#1604;&#1607;&#1575;&#1583;&#1610;.</subfield></datafield><datafield ind1=" " ind2=" " tag="959"><subfield code="a">NNU</subfield><subfield code="b">WEB</subfield><subfield code="c">GENI</subfield><subfield code="t">0</subfield><subfield code="m">Electronic access</subfield><subfield code="s">01</subfield></datafield><datafield ind1=" " ind2=" " tag="999"><subfield code="i">NNC_3063580</subfield><subfield code="o">(OCoLC)ocm16840473 </subfield><subfield code="s">columbia_aco000383</subfield><subfield code="e">(ERROR-880)</subfield></datafield></record>